% Bibliographie der Bachelorarbeit
    
@BOOK{WilmottDewynneHowison,
        AUTHOR = {Wilmott, Paul and Dewynne, Jeff and Howison, Sam},
        TITLE = {Option Pricing - Mathematical models and computation},
        PUBLISHER = {Oxford Financial Press},
        ADRESS = {Oxford, UK},
        YEAR = 1997}
        
@BOOK{SeydelBuch,
        AUTHOR = {Seydel, Rüdiger},
        TITLE = {Einführung in die numerische Berechnung von Finanzderivaten - Computational Finance},
        PUBLISHER = {Springer},
        ADRESS = {Berlin},
        YEAR = 2000}
        
@BOOK{SeydelBuch2,
        AUTHOR = {Seydel, Rüdiger U.},
        TITLE = {Tools for Computanional Finance},
        PUBLISHER = {Springer},
        ADRESS = {HEIELBERG},
        EDITION = {5. Auflage},
        YEAR = 2012}
        
@BOOK{GuentherJuengel,
        AUTHOR = {Günther, Michael and Jüngel, Ansgar},
        TITLE = {Finanzderivate mit MATLAB - Mathematische Modellierung und numerische Simulation},
        PUBLISHER = {Vieweg+Teubner},
        ADRESS = {Wiesbaden},
        YEAR = 2010}
        
@BOOK{Higham,
        AUTHOR = {Higham, Desmond J.},
        TITLE = {An Introduction to Financial Option Valuation},
        PUBLISHER = {Cambridge University Press},
        ADRESS = {Cambridge},
        YEAR = 2004}

@BOOK{Hull,
        AUTHOR = {Hull, John C.},
        TITLE = {Optionen, Futures und andere Derivate},
        PUBLISHER = {Pearson},
        ADRESS = {München},
        YEAR = 2012}
        
@BOOK{SchluechtermannPilz,
        AUTHOR = {Schlüchtermann, Georg and Pilz, Stefan},
        TITLE = {Modellierung derivater Finanzinstrumente - Theorie und Implementierung},
        PUBLISHER = {Vieweg+Teubner},
        ADRESS = {Wiesbaden},
        YEAR = 2010}

@BOOK{Bauer,
        AUTHOR = {Bauer, Heinz},
        TITLE = {Wahrscheinlichkeitstheorie und Grundzüge der Maßtheorie},
        PUBLISHER = {De Gruyter},
        ADRESS = {Berlin},
        YEAR = 1968}

@BOOK{WilmottStudent,
        AUTHOR = {Wilmott, Paul and Dewynne, Jeff and Howison, Sam},
        TITLE = {The Mathematics of Financial Derivatives - A Student Introduction},
        PUBLISHER = {Cambridge University Press},
        ADRESS = {Cambridge},
        YEAR = 1995}

@BOOK{Sandmann,
        AUTHOR = {Sandmann, Klaus},
        TITLE = {Einführung in die Stochastik der Finanzmärkte},
        PUBLISHER = {Springer},
        ADRESS = {Berlin},
        EDITION = {3. Auflage},
        YEAR = 2010}

@BOOK{Jiang,
        AUTHOR = {Jiang, Lishang and Li, Canguo},
        TITLE = {Mathematical Modeling and Methods of Option Pricing},
        PUBLISHER = {World Scientific},
        YEAR = 2005}

@article{Walsh,
        AUTHOR = {Walsh, John B.},
        TITLE = {The rate of convergence of the binomial tree scheme},
        Journal = {Finance and Stochastics},
        YEAR = 2003,
        Volume = 7,
        pages = "337--361"}
        
@article{Jaillet,
        AUTHOR = {Jaillet, Patrick and Lamberton Damian and Lapeyre, Bernard},
        TITLE = {Variational Inequalities and the Pricing of American Options},
        Journal = {Acta Applicandae Mathematicae},
        YEAR = 1990,
        Volume = 21,
        pages = "263--289"}
        
@article{BrennanSchwartz,
        AUTHOR = {Brennan, Michael J. and Schwartz, Eduardo S.},
        title   = {The Valuation of American Put Options},
        year    = 1977,
        Journal = {Journal of Finance},
        volume  = {32},
        pages   = "449--462"}
              
@article{LeisenReimer,
        AUTHOR = {Leisen, Dietmar P.J. and Reimer, Matthias},
        Journal = {Applied Mathematical Finance},
        TITLE = {Binominal models for option valuation - examining and improving convergence},
        Volume = {3},
        YEAR = 1996
        }

@booklet{Kupper1,
        AUTHOR = {Kupper, Michael and Bartl, Daniel and Palosch, David},
        TITLE = {Vorlesungsskript Stochastik I},
        PUBLISHER = {Universität Konstanz},
        ADRESS = {Konstanz},
        YEAR = 2013}

@booklet{Kupper2,
        AUTHOR = {Kupper, Michael and Bartl, Daniel and Palosch, David},
        TITLE = {Vorlesungsskript Stochastik II},
        PUBLISHER = {Universität Konstanz},
        ADRESS = {Konstanz},
        YEAR = 2014}
        
@booklet{SeydelSkript,
        AUTHOR = {Seydel, Rüdiger},
        TITLE = {Vorlesungsskript Numerische Finanzmathematik},
        PUBLISHER = {Universität zu Köln},
        ADRESS = {Köln},
        YEAR = 2014}